@misc{FFFCorreia2010,
author = {Correia, Alfranio},
booktitle = {bugs.mysql.com},
title = {{MySQL bug 56324: Race Condition while shutting down MySQL: ``PSI\_server''}},
url = {http://bugs.mysql.com/bug.php?id=56324},
howpublished = {http://bugs.mysql.com/bug.php?id=56324},
urldate = {2013-07-08},
year = {2010}
}
@misc{FFFDutertre2006,
author = {Dutertre, Bruno and Moura, Leonardo De},
booktitle = {http://yices.csl.sri.com/tool-paper.pdf},
file = {:home/sos22/papers/random/tool-paper.pdf:pdf},
title = {{The Yices SMT solver}},
url = {http://yices.csl.sri.com/tool-paper.pdf},
howpublished = {http://yices.csl.sri.com/tool-paper.pdf},
urldate = {30/03/13},
year = {2006}
}
@article{FFFGarg1998,
author = {Garg, Sachin and Puliafito, Antonio and Telek, Mikl\'os and Trivedi, Kishor},
file = {:home/sos22/.local/share/data/Mendeley Ltd./Mendeley Desktop/Downloaded/Garg et al. - 1998 - Analysis of preventive maintenance in transactions based software systems.pdf:pdf},
journal = {IEEE Transactions on Computers},
number = {1},
pages = {96--107},
publisher = {Citeseer},
title = {{Analysis of Preventive Maintenance in Transactions Based Software Systems}},
url = {http://citeseerx.ist.psu.edu/viewdoc/download?doi=10.1.1.28.467\&amp;rep=rep1\&amp;type=pdf},
volume = {47},
year = {1998}
}
@misc{FFFHamano2013,
author = {Hamano, Junio},
booktitle = {Git manual 1.8.1.3},
title = {git-merge},
url = {http://git-scm.com/docs/git-merge},
howpublished = {http://git-scm.com/docs/git-merge},
publisher = {http://git-scm.com/docs/git-merge},
year = {2013}
}
@inproceedings{FFFKrena2007,
author = {K\v{r}ena, Bohuslav and Letko, Zden\v{e}k and Tzoref, Rachel and Ur, Shmuel and Vojnar, Tom\'{a}\v{s}},
booktitle = {Parallel and Distributed Systems: Testing and Debugging},
file = {:home/sos22/papers/automatic\_bug\_fixing/p54-krena.pdf:pdf},
keywords = {ConTest,concurrency,self-healing,testing},
mendeley-tags = {ConTest},
pages = {54--64},
title = {{Healing Data Races On-The-Fly}},
url = {http://portal.acm.org/citation.cfm?id=1273658},
year = {2007}
}
@misc{FFFLattner2013,
author = {Lattner, Chris},
title = {{LLVM bitcode format}},
url = {http://llvm.org/docs/BitCodeFormat.html},
howpublished = {http://llvm.org/docs/BitCodeFormat.html},
urldate = {2013-03-14},
year = {2013}
}
@inproceedings{FFFLetko2008,
author = {Letko, Zden\v{e}k and Vojnar, Tom\'{a}\v{s} and K\v{r}ena, Bohuslav},
booktitle = {Parallel and distributed systems: testing, analysis, and debugging},
file = {:home/sos22/papers/automatic\_bug\_fixing/a7-letko.pdf:pdf},
publisher = {ACM},
title = {{AtomRace: Data Race and Atomicity Violation Detector and Healer}},
url = {http://portal.acm.org/citation.cfm?id=1390841.1390848},
year = {2008}
}
@misc{FFFLocielski2011,
author = {Locielski, Mateusz},
booktitle = {wiki.freebsd.org},
title = {{Quick guide to TESLA}},
url = {https://wiki.freebsd.org/action/recall/ShmSoc2011QGTT?action=recall\&rev=13},
howpublished = {\\https://wiki.freebsd.org/action/recall/ShmSoc2011QGTT?action=recall\&rev=13},
urldate = {2013-07-06},
year = {2011}
}
@misc{FFFMery2007,
author = {Mery, Wayne},
booktitle = {bugzilla.mozilla.org},
title = {{Mozilla bug number 39125: crash [@ nsProxyReleaseEvent::Run()]}},
url = {https://bugzilla.mozilla.org/show\_bug.cgi?id=391259},
howpublished = {https://bugzilla.mozilla.org/show\_bug.cgi?id=391259},
year = {2007}
}
@article{FFFMoura2008,
author = {Moura, Leonardo De and Bj{\o}rner, Nikolaj},
file = {:home/sos22/papers/random/10.1007\_978-3-540-78800-3\_24.pdf:pdf},
journal = {Tools and Algorithms for the Construction and Analysis of Systems},
pages = {337--340},
title = {{Z3: An Efficient SMT Solver}},
url = {http://link.springer.com/chapter/10.1007/978-3-540-78800-3\_24},
year = {2008}
}
@inproceedings{FFFRinard2004,
author = {Rinard, Martin and Cadar, Cristian and Dumitran, Daniel and Roy, Daniel M. and Leu, Tudor and Beebee, Jr., William S.},
booktitle = {OSDI'04},
file = {:home/sos22/papers/random/failure-obliviousness.pdf:pdf},
publisher = {USENIX Association Berkeley, CA, USA},
title = {{Enhancing Server Availability and Security Through Failure-Oblivious Computing}},
url = {http://portal.acm.org/citation.cfm?id=1251275\&amp;dl=},
year = {2004}
}
@book{FFFSeward2012,
author = {Seward, J. and Nethercote, N.},
title = {{Valgrind Technical Documentation}},
url = {http://www.valgrind.org/docs/manual/tech-docs.html},
howpublished = {http://www.valgrind.org/docs/manual/tech-docs.html},
publisher = {http://www.valgrind.org/docs/manual/tech-docs.html},
year = {2012}
}
@inproceedings{FFFSusskraut2006,
author = {S\"{u}{\ss}kraut, Martin and Fetzer, Christof},
booktitle = {Proceedings of the Sixth European Dependable Computing Conference},
file = {:home/sos22/.local/share/data/Mendeley Ltd./Mendeley Desktop/Downloaded/S\"{u}\ss kraut, Fetzer - 2006 - Automatically finding and patching bad error handling.pdf:pdf},
title = {{Automatically Finding and Patching Bad Error Handling}},
url = {http://wwwse.inf.tu-dresden.de/papers/preprint-suesskraut2006edcc1.pdf},
year = {2006}
}
@inproceedings{FFFWang2008,
author = {Wang, Yin and Kelly, Terence and Kudlur, Manjunath and Lafortune, St\'ephane and Mahlke, Scott},
booktitle = {OSDI'08},
file = {:home/sos22/papers/debugging/wang.pdf:pdf},
keywords = {discrete control theory,ref-chain},
mendeley-tags = {discrete control theory,ref-chain},
pages = {281--294},
title = {{Gadara: Dynamic Deadlock Avoidance for Multithreaded Programs}},
url = {http://www.usenix.org/events/osdi08/tech/full\_papers/wang/wang\_html/},
year = {2008}
}
@inproceedings{FFFWolff2011,
author = {Wolff, Roger and Garcia, Ronald and Tanter, \'Eric and Aldrich, Jonathan},
booktitle = {European Conference on Object Oriented Programming},
file = {:home/sos22/papers/random/aldrich-gradual-ecoop11.pdf:pdf},
isbn = {0011071001},
pages = {459--483},
title = {{Gradual Typestate}},
year = {2011}
}
@book{FFFCompaq2002,
author = {{Compaq Inc.}},
edition = {Fourth},
file = {:home/sos22/papers/random/alpha\_arch\_ref.pdf:pdf},
title = {{Alpha Architecture Reference Manual}},
year = {2002}
}
@book{FFFArm2007,
address = {r0p4},
author = {{ARM Plc}},
publisher = {ARM Limited},
title = {{ARM1156T2F-S\texttrademark Technical Reference Manual}},
year = {2007}
}
@inproceedings{FFFPCZsCZreanu2008,
author = {P\u{a}s\u{a}reanu, Corina S. and Mehlitz, Peter C. and Bushnell, David H. and Gundy-Burlet, Karen and Lowry, Michael and Person, Suzette and Pape, Mark},
booktitle = {International Symposium on Software Testing and Analysis},
file = {:home/sos22/papers/random/fp047-pasareanu.pdf:pdf},
isbn = {9781595939043},
keywords = {software model checking,symbolic execution,unit test-},
title = {{Combining Unit-level Symbolic Execution and System-level Concrete Execution for Testing NASA software}},
url = {http://dl.acm.org/citation.cfm?id=1390635},
year = {2008}
}
@misc{XenInstructionEmul,
author = {Fraser, Keir},
title = {x86\_emulate.c},
howpublished = {Xen 4.1},
note = {Commit 1e5c41bdd1b950452adb79da2974eee99b82a342}
}